@Article{lowe2017multi,
  title={Multi-Agent Actor-Critic for Mixed Cooperative-Competitive Environments},
  author={Lowe, R. and Wu, Y. and Tamar, A. and Harb, J. and Abbeel, P. and Mordatch, I.},
  journal={Advances in Neural Information Processing Systems (NeurIPS)},
  year={2017}
}

@Article{foerster2018counterfactual,
  title={Counterfactual Multi-Agent Policy Gradients},
  author={Foerster, J. and Farquhar, G. and Afouras, T. and Torr, P. and Whiteson, S.},
  journal={Proceedings of the AAAI Conference on Artificial Intelligence},
  year={2018}
}

@Article{hernandez2019survey,
  title={A Survey and Critique of Multiagent Deep Reinforcement Learning},
  author={Hernandez-Leal, P. and Kartal, B. and Taylor, M. E.},
  journal={Autonomous Agents and Multi-Agent Systems},
  year={2019}
}

@InProceedings{zhu2015machine,
  title={Machine Teaching: An Inverse Problem to Machine Learning and an Approach Toward Optimal Education},
  author={Zhu, X.},
  booktitle={AAAI Conference on Artificial Intelligence},
  year={2015}
}

@Article{simard2013machine,
  title={Machine Teaching: A New Paradigm for Building Machine Learning Systems},
  author={Simard, P. and Amershi, S. and Chickering, M. and Peltonen, J. and Vi{\'e}gas, F.},
  journal={arXiv},
  year={2017}
}

@InProceedings{brown2018machine,
  title={Machine Teaching for Inverse Reinforcement Learning: Algorithms and Applications},
  author={Brown, D. S. and Niekum, S.},
  booktitle={AAAI Conference on Artificial Intelligence},
  year={2018}
}

@Article{feurer2019auto,
  title={Auto-Sklearn 2.0: The Next Generation},
  author={Feurer, M. and Klein, A. and Eggensperger, K. and Springenberg, J. and Blum, M. and Hutter, F.},
  journal={Journal of Machine Learning Research},
  year={2019}
}

@InProceedings{zoph2017neural,
  title={Neural Architecture Search with Reinforcement Learning},
  author={Zoph, B. and Le, Q. V.},
  booktitle={International Conference on Learning Representations (ICLR)},
  year={2017}
}

@Misc{trirat2024automl,
  title={AutoML-Agent: A Multi-Agent LLM Framework for Full-Pipeline AutoML},
  author={Trirat, P. and Jeong, W. and Hwang, S. J.},
  year={2024}
}

@Article{wang2022multi,
  title={Multi-Agent Automated Machine Learning},
  author={Wang, Z. and Su, K. and Zhang, J. and Jia, H. and Ye, Q. and Xie, X. and Lu, Z.},
  journal={Computer Vision and Pattern Recognition(CVPR)},
  year={2022}
}

@Article{hu2021updet,
  title={UPDeT: Universal Multi-agent Reinforcement Learning via Policy Decoupling with Transformers},
  author={Hu, S. and Zhu, F. and Chang, X. and Liang, X.},
  journal={International Conference on Learning Representations (ICLR)},
  year={2021},
}

@article{thornton2013,
    author = {Chris Thornton and Frank Hutter and Holger H. Hoos and Kevin Leyton-Brown},
    title = {Auto-WEKA: Combined Selection and Hyperparameter Optimization of Classification Algorithms},
    journal={Automated Machine Learning},
    year = {2013}
}

@article{pham2018,
    author = {Pham, H. and Guan, M. and Zoph, B. and Le, Q. and Dean, J.},
    title = {Efficient neural architecture search via parameters sharing},
    journal={International Conference on Learning Representations (ICLR)},
    year = {2018} 
}

@article{sunehag2018,
    author = {Peter Sunehag and Guy Lever and Audrunas Gruslys and Wojciech Marian Czarnecki and Vinicius Zambaldi and Max Jaderberg and Marc Lanctot and Nicolas Sonnerat and Joel Z. Leibo and Karl Tuyls and Thore Graepel},
    title = {Value-Decomposition Networks For Cooperative Multi-Agent Learning},
    journal = {arXiv},
    year = {2018}
}

@article{hinton2015,
    author = {Geoffrey Hinton and Oriol Vinyals and Jeff Dean},
    title = {Distilling the Knowledge in a Neural Network},
    journal = {NeurIPS},
    year = {2015}
}

@article{olson2016,
    author = {Randal S. Olson and Jason H. Moore },
    title = {TPOT: A Tree-Based Pipeline Optimization Tool for Automating Machine Learning},
    journal = {Automated Machine Learning},
    year = {2016}
}

@inproceedings{knox2009,
    author = {W. Knox and Peter Stone},
    title = {Interactively shaping agents via human reinforcement: the TAMER framework},
    booktitle = {Knowledge Capture(K-Cap)},
    year = {2009}
}
